@article{singh2024metal,
  author    = {Singh, S. and S, S. and Varma, P. and Sreelekha, G. and Adak, C. and Shukla, R. P. and Kamble, V. B.},
  title     = {Metal oxide-based gas sensor array for {VOCs} determination in complex mixtures using machine learning},
  journal   = {Microchimica Acta},
  volume    = {191},
  number    = {4},
  year      = {2024},
  pages     = {1-10},
  doi       = {10.1007/s00604-024-06258-8},
  url       = {https://doi.org/10.1007/s00604-024-06258-8},
  note      = {Published online: March 13, 2024}
}
@book{shalevshwartz2014understanding,
  author    = {Shalev-Shwartz, Shai and Ben-David, Shai},
  title     = {Understanding Machine Learning},
  publisher = {Cambridge University Press},
  year      = {2014},
  month     = {May 19},
  url       = {http://books.google.ie/books?id=Hf6QAwAAQBAJ&pg=PR4&dq=ISBN978-1-107-05713-5&hl=&cd=1&source=gbs_api},
  isbn      = {978-1-107-05713-5},
}

@article{acock1995simple,
  author    = {Acock, B. and Wall, G. W.},
  title     = {A Simple Conductimetric \ce{CO2} Analyzer With Automatic Recalibration: I. Design, Implementation, and Functionality},
  journal   = {Agron. J.},
  year      = {1995},
  volume    = {87},
  pages     = {70--75},
  url       = {https://scholar.google.com/scholar?q=Acock%2C+B.%3B+Wall%2C+G.W.+A+Simple+Conductimetric+CO2+Analyzer+With+Automatic+Recalibration%3A+I.+Design%2C+Implementation%2C+and+Functionality.+Agron.+J.+1995%2C+87%2C+70%E2%80%9375&hl=en&as_sdt=0&as_vis=1&oi=scholart},
  doi       = {10.2134/agronj1995.00021962008700010014x},
}
@inproceedings{shitashima2010evolution,
  author      = {Shitashima, K.},
  title       = {Evolution of Compact Electrochemical In-Situ {pH-pCO$_2$} Sensor Using {ISFET-pH} Electrode},
  booktitle   = {Proceedings of the Oceans 2010 MTS/IEEE Seattle},
  year        = {2010},
  month       = {September 20--23},
  address     = {Seattle, WA, USA},
  url         = {https://scholar.google.com/scholar?q=Shitashima%2C+K.+Evolution+of+Compact+Electrochemical+In-Situ+pH-pCO2+Sensor+Using+ISFET-pH+Electrode.+In+Proceedings+of+the+Oceans+2010+MTS%2FIEEE+Seattle%2C+Seattle%2C+WA%2C+USA%2C+20%E2%80%9323+September+2010&hl=en&as_sdt=0&as_vis=1&oi=scholart},
  doi         = {10.1109/OCEANS.2010.5664545},
}

@article{severinghaus1986history,
  author    = {Severinghaus, J. W. and Astrup, P. B.},
  title     = {History of Blood Gas Analysis. III. Carbon Dioxide Tension},
  journal   = {J. Clin. Monit.},
  year      = {1986},
  volume    = {2},
  pages     = {60--73},
  url       = {https://scholar.google.com/scholar?q=Severinghaus%2C+J.W.%3B+Astrup%2C+P.B.+History+of+Blood+Gas+Analysis.+III.+Carbon+Dioxide+Tension.+J.+Clin.+Monit.+1986%2C+2%2C+60%E2%80%9373&hl=en&as_sdt=0&as_vis=1&oi=scholart},
  doi       = {10.1007/BF00759191},
}


@incollection{wilmott2022,
  author    = {Wilmott, Paul},
  title     = {Machine Learning: An Applied Mathematics Introduction},
  booktitle = {Machine Learning and the City: Applications in Architecture and Urban Design},
  year      = {2022},
  pages     = {217--248}
}

@book{james2013introduction,
  title     = {An Introduction to Statistical Learning},
  author    = {James, Gareth and Witten, Daniela and Hastie, Trevor and Tibshirani, Robert},
  volume    = {112},
  publisher = {Springer},
  address   = {New York},
  year      = {2013}
}

@misc{prodiEigenvaluesEigenvectors,
  title     = {Eigenvalues and Eigenvectors},
  author    = {Prodi, Cari and Out, Try},
}

@misc{marzban2024principal,
      title={Principal Component Analysis for Equation Discovery}, 
      author={Caren Marzban and Ulvi Yurtsever and Michael Richman},
      year={2024},
      eprint={2401.04797},
      archivePrefix={arXiv},
      primaryClass={stat.ME}
}
@article{sonawane2018optimization,
  title   = {Optimization of Machining Parameters of WEDM for Nimonic-75 Alloy using Principal Component Analysis integrated with Taguchi Method},
  author  = {Sonawane, Sachin Ashok and Kulkarni, M. L.},
  journal = {Journal of King Saud University-Engineering Sciences},
  volume  = {30},
  number  = {3},
  year    = {2018},
  pages   = {250--258}
}

@article{mishra2017multivariate,
  title   = {Multivariate Statistical Data Analysis-Principal Component Analysis (PCA)},
  author  = {Mishra, Sidharth Prasad and Sarkar, Uttam and Taraphder, Subhash and Datta, Sanjay and Swain, D. and Saikhom, Reshma and Panda, Sasmita and Laishram, Menalsh},
  journal = {International Journal of Livestock Research},
  volume  = {7},
  number  = {5},
  year    = {2017},
  pages   = {60--78}
}

@online{sudadama2023advanced,
  author       = {Sudadama, Muhsang},
  title        = {Advanced Linear Algebra (Third Edition) by Steven Roman},
  institution  = {universitasnegerimalang},
  year         = {2023},
  month        = {November},
  day          = {11},
  url          = {URL},
}

@article{james2001review,
  title   = {A Review of Measurement Techniques for the Thermal Expansion Coefficient of Metals and Alloys at Elevated Temperatures},
  author  = {James, J. D. and Spittle, J. A. and Brown, S. G. R. and Evans, R. W.},
  journal = {Measurement Science and Technology},
  volume  = {12},
  number  = {3},
  year    = {2001},
  pages   = {R1}
}
@book{krishnan2013thermal,
  title     = {Thermal Expansion of Crystals: International Series in the Science of the Solid State},
  author    = {Krishnan, Rappal Sangameswara and Srinivasan, Ramachandran and Devanarayanan, S.},
  publisher = {Elsevier},
  year      = {2013}
}
@book{touloukian1975thermal,
  title     = {Thermal Expansion: Metallic Elements and Alloys},
  author    = {Touloukian, Yeram Sarkis and Kirby, R. K. and Taylor, R. E. and Desai, P. D.},
  year      = {1975}
}




